@article{knuth2000dancing,
  author = {Donald E. Knuth},
  title = {Dancing Links},
  journal = {Millenial Perspectives in Computer Science},
  year = {2000},
  pages = {187--214},
  note = {Comments: Abstract added by Greg Kuperberg},
  eprint = {cs/0011047},
  archivePrefix = {arXiv},
  primaryClass = {cs.DS},
  reportNumber = {Knuth migration 11/2004},
  doi = {10.48550/arXiv.cs/0011047}
}